@article{1,
  title={A coronary artery segmentation method based on multiscale analysis and region growing - ScienceDirect},
  author={ A, Asma Kerkeni  and  A, Asma Benabdallah  and  B, Antoine Manzanera  and  A, Mohamed Hedi Bedoui },
  journal={Computerized Medical Imaging and Graphics},
  volume={48},
  pages={49-61},
  year={2016},
}
@article{2,
  title={Region based coronary artery segmentation using modified Frangi's vesselness measure},
  author={ Sukanya, A.  and  Rajeswari, R.  and  Murugan, K. S. },
  journal={International Journal of Imaging Systems and Technology},
  volume={30},
  number={3},
  year={2020},
}
@article{3,
  title={A coronary artery segmentation method based on region growing with variable sector search area},
  author={ Ma, G.  and  Yang, J.  and  Zhao, H. },
  journal={Technology and health care: official journal of the European Society for Engineering and Medicine},
  volume={28},
  number={2},
  pages={1-10},
  year={2020},
}
@article{4,
  title={基于水平集方法的冠状动脉CT图像分割},
  author={黄山,程晓光},
  journal={北京生物医学工程},
  volume={v.39},
  number={06},
  pages={23-27+35},
  year={2020},
}
@article{5,
  title={Segmentation of Coronary Artery Using Region Based Level Set with Edge Preservation},
  author={Chaolu and Feng and Yang and Hu},
  journal={Journal of Medical Imaging and Health Informatics},
  volume={6},
  number={7},
  pages={1727-1731},
  year={2016},
}
@article{6,
  title={Region based coronary artery segmentation using modified Frangi's vesselness measure},
  author={ Sukanya, A.  and  Rajeswari, R.  and  Murugan, K. S. },
  journal={International Journal of Imaging Systems and Technology},
  volume={30},
  number={3},
  year={2020},
}
@article{7,
  title={Automatic centerline extraction of coronary arteries in coronary computed tomographic angiography},
  author={ Yang, G.  and  Kitslaar, P.  and  Frenay, M.  and  Broersen, A.  and  Boogers, M. J.  and  Bax, J. J.  and  Reiber, Jhc  and  Dijkstra, J. },
  journal={The international journal of cardiovascular imaging},
  volume={28},
  number={4},
  pages={921-933},
  year={2012},
}
@article{8,
  title={Deformable tree models for 2D and 3D branching structures extraction},
  author={Mille and J and Cohen and LD},
  journal={Proc Cvpr IEEE},
  year={2009},
}
@inproceedings{9,
  title={Tracking Elongated Structures using Statistical Snakes},
  author={ Toledo, R.  and  Orriols, X.  and  Binefa, X.  and  Radeva, P.  and  Villanueva, J. J. },
  booktitle={Proceedings IEEE Conference on Computer Vision and Pattern Recognition. CVPR 2000 (Cat. No.PR00662)},
  year={2002},
}
@article{10,
  title={Multi-Resolution 3D Convolutional Neural Networks for Automatic Coronary Centerline Extraction in Cardiac CT Angiography Scans},
  author={ Salahuddin, Z.  and  Lenga, M.  and  Nickisch, H. },
  year={2020},
}
@article{11,
  title={3D U-Net: Learning Dense Volumetric Segmentation from Sparse Annotation},
  author={iek, zgün and  Abdulkadir, A.  and  Lienkamp, S. S.  and  Brox, T.  and  Ronneberger, O. },
  journal={Springer, Cham},
  year={2016},
}
@article{12,
  title={UNet++: A Nested U-Net Architecture for Medical Image Segmentation},
  author={ Zhou, Z.  and  Siddiquee, Mmr  and  Tajbakhsh, N.  and  Liang, J. },
  year={2018},
}
@article{13,
  title={Automated Design of Deep Learning Methods for Biomedical Image Segmentation},
  author={F Isensee and  Jger, P. F.  and  Kohl, Saa  and  Petersen, J.  and  Maier-Hein, K. H. },
  year={2019},
}
@article{14,
  title={DeepCenterline: A Multi-task Fully Convolutional Network for Centerline Extraction},
  author={ Guo, Z.  and  Bai, J.  and  Yi, L.  and  Xin, W.  and  Yin, Y. },
  journal={Springer, Cham},
  year={2019},
}
@article{15,
  title={Coronary Artery Segmentation in Cardiac CT Angiography Using 3D Multi-Channel U-net},
  author={ Chen, Y. C.  and  Lin, Y. C.  and  Wang, C. P.  and  Lee, C. Y.  and  Chen, C. M. },
  year={2019},
}
@article{16,
  title={Graph Convolutional Networks for Coronary Artery Segmentation in Cardiac CT Angiography},
  journal={Springer, Cham},
  year={2019},
}
@inproceedings{17,
  title={UENet: A Novel Generative Adversarial Network for Angiography Image Segmentation},
  author={ Shi, X.  and  Du, T.  and  Chen, S.  and  Zhang, H.  and  Xu, B. },
  booktitle={2020 42nd Annual International Conference of the IEEE Engineering in Medicine and Biology Society (EMBC) in conjunction with the 43rd Annual Conference of the Canadian Medical and Biological Engineering Society},
  year={2020},
}
@article{18,
  title={Semantic Image Segmentation with Deep Convolutional Nets and Fully Connected CRFs},
  author={ Chen, L. C.  and  Papandreou, G.  and  Kokkinos, I.  and  Murphy, K.  and  Yuille, A. L. },
  journal={arXiv},
  year={2014},
}
@article{19,
  title={Coronary angiography image segmentation based on PSPNet},
  author={ Zhu, X.  and  Cheng, Z.  and  Wang, S.  and  Chen, X.  and  Lu, G. },
  journal={Computer Methods and Programs in Biomedicine},
  volume={200},
  number={4},
  pages={105897},
  year={2020},
}
@article{20,
  title={Learning Tree-Structured Representation for 3D Coronary Artery Segmentation},
  author={ Kong, B.  and  Wang, X.  and  Bai, J.  and  Lu, Y.  and  Yin, Y. },
  journal={Computerized Medical Imaging and Graphics},
  volume={80},
  pages={101688},
  year={2019},
}
@article{21,
  title={Deep Vessel Segmentation By Learning Graphical Connectivity},
  author={ Shin, S. Y.  and  Lee, S.  and  Yun, I. D.  and  Lee, K. M. },
  year={2018},
}
@article{22,
  title={Weakly Supervised Vessel Segmentation in X-ray Angiograms by Self-Paced Learning from Noisy Labels with Suggestive Annotation},
  author={ Zhang, J.  and  Wang, G.  and  Xie, H.  and  Zhang, S.  and  Gu, L. },
  journal={Neurocomputing},
  year={2020},
}
@article{23,
  title={Annotation-Free Cardiac Vessel Segmentation via Knowledge Transfer from Retinal Images},
  author={ Yu, F.  and  Zhao, J.  and  Gong, Y.  and  Wang, Z.  and  Li, Y.  and  Yang, F.  and  Dong, B.  and  Li, Q.  and  Zhang, L. },
  journal={arXiv},
  year={2019},
}